@article{buterin2019flexible,
  title={A Flexible Design for Funding Public Goods},
  author={Buterin, Vitalik and Hitzig, Zo{\"e} and Weyl, E Glen},
  journal={Management Science},
  volume={65},
  number={11},
  pages={5171--5187},
  year={2019},
  publisher={INFORMS}
}

@article{weyl2022decentralized,
  title={Decentralized Society: Finding Web3's Soul},
  author={Weyl, E Glen and Ohlhaver, Puja and Buterin, Vitalik},
  journal={Available at SSRN 4105763},
  year={2022}
}

@misc{vtaiwan2023,
  title={vTaiwan: Rethinking Democracy},
  author={{vTaiwan Community}},
  year={2023},
  note={Last updated December 2023},
  url={https://info.vtaiwan.tw},
  urldate={2024-01-14}
}

@misc{communitynotes2024,
  title={Community Notes: A Collaborative Way to Add Helpful Context to Posts},
  author={{X (formerly Twitter)}},
  year={2024},
  url={https://communitynotes.twitter.com/guide/en/about/introduction},
  urldate={2024-01-14},
  note={Technical documentation of matrix factorization consensus algorithm and implementation details for large-scale collaborative fact-checking system. Originally introduced as Birdwatch in 2021, includes mathematical framework for viewpoint diversity measurement.}
}

@article{fabinger2022prospecting,
  title={Prospecting a Possible Quadratic Wormhole Between Quantum Mechanics and Plurality},
  author={Fabinger, Michal and Freedman, Michael H and Weyl, E Glen},
  journal={arXiv preprint arXiv:2209.08144},
  year={2022}
}

@misc{gitcoingrants2024,
  title={Gitcoin Grants: Quadratic Funding for Public Goods},
  author={{Gitcoin}},
  year={2024},
  url={https://gitcoin.co/grants/},
  urldate={2024-01-14}
}

@misc{coloradoqv2019,
  title={Colorado's Quadratic Voting Experiment},
  author={Smith, Aaron and Weyl, E Glen},
  year={2019},
  publisher={Democracy Journal},
  url={https://democracyjournal.org/arguments/colorados-quadratic-voting-experiment/},
  urldate={2024-01-14}
}

@misc{polis2024,
  title={Polis: A Real-Time System for Gathering, Analyzing and Understanding What Large Groups of People Think},
  author={{Polis Technology}},
  year={2024},
  url={https://pol.is/},
  urldate={2024-01-14}
}

@misc{pdis2024,
  title={Public Digital Innovation Service},
  author={{Public Digital Innovation Service}},
  year={2024},
  url={https://pdis.nat.gov.tw/en/},
  urldate={2024-01-14},
  note={Taiwan's official platform for digital democracy initiatives and public innovation}
}
