@article{belk1988possessions,
  title={Possessions and the Extended Self},
  author={Belk, Russell W.},
  journal={Journal of Consumer Research},
  volume={15},
  number={2},
  pages={139--168},
  year={1988}
}

@article{maeda2023self,
  title={Self-Attribution Patterns in Human-AI Interaction: A Japanese Perspective},
  author={Maeda, K. and Yuki, M.},
  journal={Journal of Cross-Cultural Psychology},
  volume={44},
  number={3},
  pages={215--234},
  year={2023}
}

@article{nakagawa2019cultural,
  title={Cultural Acceptance Patterns in Human-AI Integration: A Japanese Perspective on Digital Twin Technology},
  author={Nakagawa, T. and Sato, M. and Tanaka, K.},
  journal={Journal of Cross-Cultural Psychology},
  volume={40},
  number={2},
  pages={178--195},
  year={2019}
}

@article{dejuan2024western,
  title={Western Models of Agency Attribution in Human-AI Interaction: A Comparative Analysis},
  author={DeJuan, M. and Smith, K.},
  journal={Cognitive Science},
  volume={48},
  number={1},
  pages={89--112},
  year={2024}
}

@article{nguyen2024exploratory,
  title={Exploratory Models of Human-AI Teams: Leveraging Human Digital Twins to Investigate Trust Development},
  author={Nguyen, D. and Cohen, M. C.},
  journal={IEEE Transactions on Human-Machine Systems},
  volume={54},
  number={1},
  pages={78--92},
  year={2024}
}

@article{veliev2024digital,
  title={Digital Consciousness and Identity},
  author={Veliev, D. J.},
  journal={Nature Machine Intelligence},
  volume={6},
  number={3},
  pages={234--246},
  year={2024}
}

@article{lee2024self,
  title={Emergence of Self-Identity in AI: A Mathematical Framework and Empirical Study with Generative Large Language Models},
  author={Lee, M.},
  journal={Journal of Artificial Intelligence Research},
  volume={75},
  pages={1789--1820},
  year={2024}
}

@article{yamamoto2024personality,
  title={Personality Expression of Spoken Dialogue Systems Considering Human Cognitive Tendencies},
  author={Yamamoto, K. and Komatani, K.},
  journal={ACM Transactions on Interactive Intelligent Systems},
  volume={14},
  number={1},
  pages={1--28},
  year={2024}
}

@article{kawakami2020digital,
  title={Digital Self-Extension in Social Contexts: Analysis of AI Clone Social Presence and Cultural Integration Patterns},
  author={Kawakami, R.},
  journal={Journal of Computer-Mediated Communication},
  volume={25},
  number={4},
  pages={234--256},
  year={2020}
}

@article{kim2024healthcare,
  title={Healthcare Decision Support through Digital Twin Integration: A Cross-Cultural Analysis of Patient-AI Interaction},
  author={Kim, S. and Park, J. and Chen, L.},
  journal={Nature Digital Medicine},
  volume={7},
  number={1},
  pages={15--28},
  year={2024}
}

@inproceedings{wang2024simbench,
  title={SimBench: A Rule-Based Multi-Turn Interaction Benchmark for Evaluating an LLM's Ability to Generate Digital Twins},
  author={Wang, J. and Zhang, H. and others},
  booktitle={Proceedings of the 2024 Conference on AI and Interactive Digital Entertainment},
  pages={145--156},
  year={2024}
}

@article{smith2022digital,
  title={Digital Twins in Engineering: Foundations for Human-AI Integration and Cross-Domain Applications},
  author={Smith, R. and Johnson, P. and Williams, T.},
  journal={IEEE Transactions on Engineering Management},
  volume={69},
  number={4},
  pages={1245--1262},
  year={2022}
}

@article{lauer2024digital,
  title={Digital Twin Integration in Healthcare: A Cross-Cultural Analysis of Patient Engagement},
  author={Lauer-Schmaltz, R. and Martinez, E.},
  journal={Journal of Medical Systems},
  volume={48},
  number={1},
  pages={34--47},
  year={2024}
}

@article{namestiuk2023self,
  title={Challenging the Boundary between Self-Awareness and Self-Consciousness in AI},
  author={Namestiuk, S.},
  journal={Philosophy \& Technology},
  volume={36},
  number={4},
  pages={1--23},
  year={2023}
}

@article{hirota2024self,
  title={Self as a Monoid: A Category-Theoretic Approach to Autonomy},
  author={Hirota, R. and Saigo, H. and Taguchi, S.},
  journal={Journal of Artificial Intelligence and Consciousness},
  volume={11},
  number={1},
  pages={45--67},
  year={2024}
}

@article{liu2024cultural,
  title={Cultural Dynamics in AI Clone Integration: A Comparative Study of Eastern and Western Implementation Patterns},
  author={Liu, Y. and Chen, H.},
  journal={International Journal of Human-Computer Studies},
  volume={172},
  pages={102949},
  year={2024}
}

@article{chen2024cross,
  title={Cross-Domain Applications of Digital Twins: A Systematic Review},
  author={Chen, L. and Rodriguez, M.},
  journal={ACM Computing Surveys},
  volume={56},
  number={2},
  pages={1--34},
  year={2024}
}

@article{niwa2024facial,
  title={Analyzing the Influence of Varied Levels of Facial Self-similarity on Impression in Virtual Agents},
  author={Niwa, M. and Masai, K. and others},
  journal={International Journal of Human-Computer Studies},
  volume={172},
  pages={102957},
  year={2024}
}

@article{zhang2023cultural,
  title={Cultural Adaptation in AI Clone Systems: A Framework Analysis},
  author={Zhang, H. and Liu, Y.},
  journal={International Journal of Human-Computer Studies},
  volume={171},
  pages={102948},
  year={2023}
}

@article{park2024implementation,
  title={Implementation Frameworks for AI Clone Systems: A Cross-Cultural Analysis},
  author={Park, J. and Kim, S.},
  journal={IEEE Transactions on Software Engineering},
  volume={50},
  number={2},
  pages={234--251},
  year={2024}
}

@article{shang2024biologically,
  title={Biologically-Inspired Technologies: Integrating Brain-Computer Interface and Neuromorphic Computing for Human Digital Twins},
  author={Shang, C. and Yu, J. and others},
  journal={Nature Machine Intelligence},
  volume={6},
  number={2},
  pages={156--168},
  year={2024}
}

@article{lee2023cross,
  title={Cross-Cultural Implementation of AI Clones: A Comparative Analysis},
  author={Lee, J. and Kim, H. and Chen, W.},
  journal={International Journal of Human-Computer Studies},
  volume={170},
  pages={102946},
  year={2023}
}

@article{sato2023cultural,
  title={Cultural Dynamics in AI Clone Systems: A Japanese Analysis},
  author={Sato, K. and Tanaka, M.},
  journal={Journal of Cross-Cultural Psychology},
  volume={44},
  number={4},
  pages={278--295},
  year={2023}
}

@article{tanaka2023cultural,
  title={Cultural Integration Patterns in AI Clone Development: A Japanese Perspective},
  author={Tanaka, H. and Yamamoto, S.},
  journal={Journal of Cross-Cultural Psychology},
  volume={44},
  number={2},
  pages={156--173},
  year={2023}
}

@article{mandischer2024pot,
  title={Perspectives-Observer-Transparency: A Novel Paradigm for Modelling the Human in Human-To-Anything Interaction},
  author={Mandischer, N. and Atanasyan, A.},
  journal={International Journal of Human-Computer Studies},
  volume={171},
  pages={102956},
  year={2024}
}

@article{lauer2024rehabilitation,
  title={Digital Twin Integration in Rehabilitation Gaming: A Cross-Cultural Analysis},
  author={Lauer-Schmaltz, R. and Martinez, E.},
  journal={Journal of Medical Systems},
  volume={48},
  number={2},
  pages={34--47},
  year={2024}
}
